<collection xmlns="http://www.loc.gov/MARC21/slim">
<record>
  <leader>01243nam0a2200289 i 450 </leader>
  <controlfield tag="001">IT\ICCU\CNCE\013516</controlfield>
  <controlfield tag="005">19970101000000.0</controlfield>
  <datafield tag="012" ind1=" " ind2=" ">
    <subfield code="a">usuz t,i- geum mipl (3) 1557 (R)</subfield>
    <subfield code="2">fei</subfield>
  </datafield>
  <datafield tag="100" ind1=" " ind2=" ">
    <subfield code="a">19970101d1557        0itac0103    ba</subfield>
  </datafield>
  <datafield tag="101" ind1=" " ind2=" ">
    <subfield code="a">LAT</subfield>
  </datafield>
  <datafield tag="102" ind1=" " ind2=" ">
    <subfield code="a">IT</subfield>
  </datafield>
  <datafield tag="200" ind1="1" ind2=" ">
    <subfield code="a">℗Q. Marii Corradi ℗De dialectica liber</subfield>
  </datafield>
  <datafield tag="210" ind1=" " ind2=" ">
    <subfield code="a">Neapoli</subfield>
    <subfield code="c">apud Mattheum Cancrum</subfield>
    <subfield code="d">1557</subfield>
  </datafield>
  <datafield tag="215" ind1=" " ind2=" ">
    <subfield code="a">\8!, 60, \3! c.</subfield>
    <subfield code="d">8ʻ</subfield>
  </datafield>
  <datafield tag="620" ind1=" " ind2=" ">
    <subfield code="a">IT</subfield>
    <subfield code="d">Napoli</subfield>
  </datafield>
  <datafield tag="700" ind1=" " ind2="1">
    <subfield code="a">Corrado,</subfield>
    <subfield code="b">Quinto Mario</subfield>
    <subfield code="3">IT\ICCU\CNCA\003511</subfield>
  </datafield>
  <datafield tag="712" ind1="0" ind2="0">
    <subfield code="a">Cancer, Mattia</subfield>
    <subfield code="3">IT\ICCU\CNCT\000279</subfield>
    <subfield code="4">650</subfield>
  </datafield>
  <datafield tag="790" ind1=" " ind2="1">
    <subfield code="a">Corradus,</subfield>
    <subfield code="b">Quintus Marius</subfield>
    <subfield code="3">IT\ICCU\CNCA\013997</subfield>
    <subfield code="z">Corrado, Quinto Mario</subfield>
  </datafield>
  <datafield tag="791" ind1="0" ind2="2">
    <subfield code="a">Mathias Brixiensis</subfield>
    <subfield code="3">IT\ICCU\CNCT\003074</subfield>
    <subfield code="z">Cancer, Mattia</subfield>
  </datafield>
  <datafield tag="791" ind1="0" ind2="0">
    <subfield code="a">Canzer, Matteo</subfield>
    <subfield code="3">IT\ICCU\CNCT\003075</subfield>
    <subfield code="z">Cancer, Mattia</subfield>
  </datafield>
  <datafield tag="791" ind1="0" ind2="2">
    <subfield code="a">Matthaeus Bionensis</subfield>
    <subfield code="3">IT\ICCU\CNCT\003076</subfield>
    <subfield code="z">Cancer, Mattia</subfield>
  </datafield>
  <datafield tag="791" ind1="0" ind2="0">
    <subfield code="a">Canze, Mathia</subfield>
    <subfield code="3">IT\ICCU\CNCT\004429</subfield>
    <subfield code="z">Cancer, Mattia</subfield>
  </datafield>
  <datafield tag="791" ind1="0" ind2="2">
    <subfield code="a">Officina Canzeana</subfield>
    <subfield code="3">IT\ICCU\CNCT\004430</subfield>
    <subfield code="z">Cancer, Mattia</subfield>
  </datafield>
  <datafield tag="801" ind1=" " ind2="3">
    <subfield code="a">IT</subfield>
    <subfield code="b">ICCU</subfield>
    <subfield code="c">20201114</subfield>
  </datafield>
  <datafield tag="899" ind1=" " ind2=" ">
    <subfield code="a">Biblioteca pubblica arcivescovile A. De Leo. Brindisi</subfield>
    <subfield code="1">BR0002</subfield>
    <subfield code="2">BRI 02</subfield>
  </datafield>
  <datafield tag="899" ind1=" " ind2=" ">
    <subfield code="a">Biblioteca comunale Teresiana. Mantova</subfield>
    <subfield code="z">MUTILO</subfield>
    <subfield code="1">MN0035</subfield>
    <subfield code="2">LO1 12</subfield>
  </datafield>
  <datafield tag="899" ind1=" " ind2=" ">
    <subfield code="a">Biblioteca nazionale Vittorio Emanuele III. Napoli</subfield>
    <subfield code="1">NA0079</subfield>
    <subfield code="2">NAP BN</subfield>
  </datafield>
</record>
</collection>
